@article{iot-survey-sec,
  title = {{Current Research on Internet of Things (IoT) Security: A Survey}},
  journal = {Computer Networks},
  volume = {148},
  pages = {283-294},
  year = {2019},
  issn = {1389-1286},
  author = {Mardiana binti {Mohamad Noor} and Wan Haslina Hassan}, 
}

@ARTICLE{iot-mtd-survey,
  author={Navas, Renzo E. and Cuppens, Frédéric and Boulahia Cuppens, Nora and Toutain, Laurent and Papadopoulos, Georgios Z.},
  journal={IEEE Internet of Things Journal},
  title={{MTD, Where Art Thou? A Systematic Review of Moving Target Defense Techniques for IoT}},    
  year={2021},
  volume={8},
  number={10},
  pages={7818--7832},
  doi={10.1109/JIOT.2020.3040358}
}


@article{refId0,
	author = {{Gaia Collaboration} and {Prusti, T.} and {de Bruijne, J. H. J.} and {Brown, A. G. A.} and {Vallenari, A.} and {Babusiaux, C.} and {Bailer-Jones, C. A. L.} and {Bastian, U.} and {Biermann, M.} and {Evans, D. W.} and {Eyer, L.} and {Jansen, F.} and {Jordi, C.} and {Klioner, S. A.} and {Lammers, U.} and {Lindegren, L.} and {Luri, X.} and {Mignard, F.} and {Milligan, D. J.} and {Panem, C.} and {Poinsignon, V.} and {Pourbaix, D.} and {Randich, S.} and {Sarri, G.} and {Sartoretti, P.} and {Siddiqui, H. I.} and {Soubiran, C.} and {Valette, V.} and {van Leeuwen, F.} and {Walton, N. A.} and {Aerts, C.} and {Arenou, F.} and {Cropper, M.} and {Drimmel, R.} and {Høg, E.} and {Katz, D.} and {Lattanzi, M. G.} and {O’Mullane, W.} and {Grebel, E. K.} and {Holland, A. D.} and {Huc, C.} and {Passot, X.} and {Bramante, L.} and {Cacciari, C.} and {Castañeda, J.} and {Chaoul, L.} and {Cheek, N.} and {De Angeli, F.} and {Fabricius, C.} and {Guerra, R.} and {Hernández, J.} and {Jean-Antoine-Piccolo, A.} and {Masana, E.} and {Messineo, R.} and {Mowlavi, N.} and {Nienartowicz, K.} and {Ordóñez-Blanco, D.} and {Panuzzo, P.} and {Portell, J.} and {Richards, P. J.} and {Riello, M.} and {Seabroke, G. M.} and {Tanga, P.} and {Thévenin, F.} and {Torra, J.} and {Els, S. G.} and {Gracia-Abril, G.} and {Comoretto, G.} and {Garcia-Reinaldos, M.} and {Lock, T.} and {Mercier, E.} and {Altmann, M.} and {Andrae, R.} and {Astraatmadja, T. L.} and {Bellas-Velidis, I.} and {Benson, K.} and {Berthier, J.} and {Blomme, R.} and {Busso, G.} and {Carry, B.} and {Cellino, A.} and {Clementini, G.} and {Cowell, S.} and {Creevey, O.} and {Cuypers, J.} and {Davidson, M.} and {De Ridder, J.} and {de Torres, A.} and {Delchambre, L.} and {Dell’Oro, A.} and {Ducourant, C.} and {Frémat, Y.} and {García-Torres, M.} and {Gosset, E.} and {Halbwachs, J.-L.} and {Hambly, N. C.} and {Harrison, D. L.} and {Hauser, M.} and {Hestroffer, D.} and {Hodgkin, S. T.} and {Huckle, H. E.} and {Hutton, A.} and {Jasniewicz, G.} and {Jordan, S.} and {Kontizas, M.} and {Korn, A. J.} and {Lanzafame, A. C.} and {Manteiga, M.} and {Moitinho, A.} and {Muinonen, K.} and {Osinde, J.} and {Pancino, E.} and {Pauwels, T.} and {Petit, J.-M.} and {Recio-Blanco, A.} and {Robin, A. C.} and {Sarro, L. M.} and {Siopis, C.} and {Smith, M.} and {Smith, K. W.} and {Sozzetti, A.} and {Thuillot, W.} and {van Reeven, W.} and {Viala, Y.} and {Abbas, U.} and {Abreu Aramburu, A.} and {Accart, S.} and {Aguado, J. J.} and {Allan, P. M.} and {Allasia, W.} and {Altavilla, G.} and {Álvarez, M. A.} and {Alves, J.} and {Anderson, R. I.} and {Andrei, A. H.} and {Anglada Varela, E.} and {Antiche, E.} and {Antoja, T.} and {Antón, S.} and {Arcay, B.} and {Atzei, A.} and {Ayache, L.} and {Bach, N.} and {Baker, S. G.} and {Balaguer-Núñez, L.} and {Barache, C.} and {Barata, C.} and {Barbier, A.} and {Barblan, F.} and {Baroni, M.} and {Barrado y Navascués, D.} and {Barros, M.} and {Barstow, M. A.} and {Becciani, U.} and {Bellazzini, M.} and {Bellei, G.} and {Bello García, A.} and {Belokurov, V.} and {Bendjoya, P.} and {Berihuete, A.} and {Bianchi, L.} and {Bienaymé, O.} and {Billebaud, F.} and {Blagorodnova, N.} and {Blanco-Cuaresma, S.} and {Boch, T.} and {Bombrun, A.} and {Borrachero, R.} and {Bouquillon, S.} and {Bourda, G.} and {Bouy, H.} and {Bragaglia, A.} and {Breddels, M. A.} and {Brouillet, N.} and {Brüsemeister, T.} and {Bucciarelli, B.} and {Budnik, F.} and {Burgess, P.} and {Burgon, R.} and {Burlacu, A.} and {Busonero, D.} and {Buzzi, R.} and {Caffau, E.} and {Cambras, J.} and {Campbell, H.} and {Cancelliere, R.} and {Cantat-Gaudin, T.} and {Carlucci, T.} and {Carrasco, J. M.} and {Castellani, M.} and {Charlot, P.} and {Charnas, J.} and {Charvet, P.} and {Chassat, F.} and {Chiavassa, A.} and {Clotet, M.} and {Cocozza, G.} and {Collins, R. S.} and {Collins, P.} and {Costigan, G.} and {Crifo, F.} and {Cross, N. J. G.} and {Crosta, M.} and {Crowley, C.} and {Dafonte, C.} and {Damerdji, Y.} and {Dapergolas, A.} and {David, P.} and {David, M.} and {De Cat, P.} and {de Felice, F.} and {de Laverny, P.} and {De Luise, F.} and {De March, R.} and {de Martino, D.} and {de Souza, R.} and {Debosscher, J.} and {del Pozo, E.} and {Delbo, M.} and {Delgado, A.} and {Delgado, H. E.} and {di Marco, F.} and {Di Matteo, P.} and {Diakite, S.} and {Distefano, E.} and {Dolding, C.} and {Dos Anjos, S.} and {Drazinos, P.} and {Durán, J.} and {Dzigan, Y.} and {Ecale, E.} and {Edvardsson, B.} and {Enke, H.} and {Erdmann, M.} and {Escolar, D.} and {Espina, M.} and {Evans, N. W.} and {Eynard Bontemps, G.} and {Fabre, C.} and {Fabrizio, M.} and {Faigler, S.} and {Falcão, A. J.} and {Farràs Casas, M.} and {Faye, F.} and {Federici, L.} and {Fedorets, G.} and {Fernández-Hernández, J.} and {Fernique, P.} and {Fienga, A.} and {Figueras, F.} and {Filippi, F.} and {Findeisen, K.} and {Fonti, A.} and {Fouesneau, M.} and {Fraile, E.} and {Fraser, M.} and {Fuchs, J.} and {Furnell, R.} and {Gai, M.} and {Galleti, S.} and {Galluccio, L.} and {Garabato, D.} and {García-Sedano, F.} and {Garé, P.} and {Garofalo, A.} and {Garralda, N.} and {Gavras, P.} and {Gerssen, J.} and {Geyer, R.} and {Gilmore, G.} and {Girona, S.} and {Giuffrida, G.} and {Gomes, M.} and {González-Marcos, A.} and {González-Núñez, J.} and {González-Vidal, J. J.} and {Granvik, M.} and {Guerrier, A.} and {Guillout, P.} and {Guiraud, J.} and {Gúrpide, A.} and {Gutiérrez-Sánchez, R.} and {Guy, L. P.} and {Haigron, R.} and {Hatzidimitriou, D.} and {Haywood, M.} and {Heiter, U.} and {Helmi, A.} and {Hobbs, D.} and {Hofmann, W.} and {Holl, B.} and {Holland, G.} and {Hunt, J. A. S.} and {Hypki, A.} and {Icardi, V.} and {Irwin, M.} and {Jevardat de Fombelle, G.} and {Jofré, P.} and {Jonker, P. G.} and {Jorissen, A.} and {Julbe, F.} and {Karampelas, A.} and {Kochoska, A.} and {Kohley, R.} and {Kolenberg, K.} and {Kontizas, E.} and {Koposov, S. E.} and {Kordopatis, G.} and {Koubsky, P.} and {Kowalczyk, A.} and {Krone-Martins, A.} and {Kudryashova, M.} and {Kull, I.} and {Bachchan, R. K.} and {Lacoste-Seris, F.} and {Lanza, A. F.} and {Lavigne, J.-B.} and {Le Poncin-Lafitte, C.} and {Lebreton, Y.} and {Lebzelter, T.} and {Leccia, S.} and {Leclerc, N.} and {Lecoeur-Taibi, I.} and {Lemaitre, V.} and {Lenhardt, H.} and {Leroux, F.} and {Liao, S.} and {Licata, E.} and {Lindstrøm, H. E. P.} and {Lister, T. A.} and {Livanou, E.} and {Lobel, A.} and {Löffler, W.} and {López, M.} and {Lopez-Lozano, A.} and {Lorenz, D.} and {Loureiro, T.} and {MacDonald, I.} and {Magalhães Fernandes, T.} and {Managau, S.} and {Mann, R. G.} and {Mantelet, G.} and {Marchal, O.} and {Marchant, J. M.} and {Marconi, M.} and {Marie, J.} and {Marinoni, S.} and {Marrese, P. M.} and {Marschalkó, G.} and {Marshall, D. J.} and {Martín-Fleitas, J. M.} and {Martino, M.} and {Mary, N.} and {Matijevič, G.} and {Mazeh, T.} and {McMillan, P. J.} and {Messina, S.} and {Mestre, A.} and {Michalik, D.} and {Millar, N. R.} and {Miranda, B. M. H.} and {Molina, D.} and {Molinaro, R.} and {Molinaro, M.} and {Molnár, L.} and {Moniez, M.} and {Montegriffo, P.} and {Monteiro, D.} and {Mor, R.} and {Mora, A.} and {Morbidelli, R.} and {Morel, T.} and {Morgenthaler, S.} and {Morley, T.} and {Morris, D.} and {Mulone, A. F.} and {Muraveva, T.} and {Musella, I.} and {Narbonne, J.} and {Nelemans, G.} and {Nicastro, L.} and {Noval, L.} and {Ordénovic, C.} and {Ordieres-Meré, J.} and {Osborne, P.} and {Pagani, C.} and {Pagano, I.} and {Pailler, F.} and {Palacin, H.} and {Palaversa, L.} and {Parsons, P.} and {Paulsen, T.} and {Pecoraro, M.} and {Pedrosa, R.} and {Pentikäinen, H.} and {Pereira, J.} and {Pichon, B.} and {Piersimoni, A. M.} and {Pineau, F.-X.} and {Plachy, E.} and {Plum, G.} and {Poujoulet, E.} and {Prša, A.} and {Pulone, L.} and {Ragaini, S.} and {Rago, S.} and {Rambaux, N.} and {Ramos-Lerate, M.} and {Ranalli, P.} and {Rauw, G.} and {Read, A.} and {Regibo, S.} and {Renk, F.} and {Reylé, C.} and {Ribeiro, R. A.} and {Rimoldini, L.} and {Ripepi, V.} and {Riva, A.} and {Rixon, G.} and {Roelens, M.} and {Romero-Gómez, M.} and {Rowell, N.} and {Royer, F.} and {Rudolph, A.} and {Ruiz-Dern, L.} and {Sadowski, G.} and {Sagristà Sellés, T.} and {Sahlmann, J.} and {Salgado, J.} and {Salguero, E.} and {Sarasso, M.} and {Savietto, H.} and {Schnorhk, A.} and {Schultheis, M.} and {Sciacca, E.} and {Segol, M.} and {Segovia, J. C.} and {Segransan, D.} and {Serpell, E.} and {Shih, I-C.} and {Smareglia, R.} and {Smart, R. L.} and {Smith, C.} and {Solano, E.} and {Solitro, F.} and {Sordo, R.} and {Soria Nieto, S.} and {Souchay, J.} and {Spagna, A.} and {Spoto, F.} and {Stampa, U.} and {Steele, I. A.} and {Steidelmüller, H.} and {Stephenson, C. A.} and {Stoev, H.} and {Suess, F. F.} and {Süveges, M.} and {Surdej, J.} and {Szabados, L.} and {Szegedi-Elek, E.} and {Tapiador, D.} and {Taris, F.} and {Tauran, G.} and {Taylor, M. B.} and {Teixeira, R.} and {Terrett, D.} and {Tingley, B.} and {Trager, S. C.} and {Turon, C.} and {Ulla, A.} and {Utrilla, E.} and {Valentini, G.} and {van Elteren, A.} and {Van Hemelryck, E.} and {van Leeuwen, M.} and {Varadi, M.} and {Vecchiato, A.} and {Veljanoski, J.} and {Via, T.} and {Vicente, D.} and {Vogt, S.} and {Voss, H.} and {Votruba, V.} and {Voutsinas, S.} and {Walmsley, G.} and {Weiler, M.} and {Weingrill, K.} and {Werner, D.} and {Wevers, T.} and {Whitehead, G.} and {Wyrzykowski, Ł.} and {Yoldas, A.} and {Žerjal, M.} and {Zucker, S.} and {Zurbach, C.} and {Zwitter, T.} and {Alecu, A.} and {Allen, M.} and {Allende Prieto, C.} and {Amorim, A.} and {Anglada-Escudé, G.} and {Arsenijevic, V.} and {Azaz, S.} and {Balm, P.} and {Beck, M.} and {Bernstein, H.-H.} and {Bigot, L.} and {Bijaoui, A.} and {Blasco, C.} and {Bonfigli, M.} and {Bono, G.} and {Boudreault, S.} and {Bressan, A.} and {Brown, S.} and {Brunet, P.-M.} and {Bunclark, P.} and {Buonanno, R.} and {Butkevich, A. G.} and {Carret, C.} and {Carrion, C.} and {Chemin, L.} and {Chéreau, F.} and {Corcione, L.} and {Darmigny, E.} and {de Boer, K. S.} and {de Teodoro, P.} and {de Zeeuw, P. T.} and {Delle Luche, C.} and {Domingues, C. D.} and {Dubath, P.} and {Fodor, F.} and {Frézouls, B.} and {Fries, A.} and {Fustes, D.} and {Fyfe, D.} and {Gallardo, E.} and {Gallegos, J.} and {Gardiol, D.} and {Gebran, M.} and {Gomboc, A.} and {Gómez, A.} and {Grux, E.} and {Gueguen, A.} and {Heyrovsky, A.} and {Hoar, J.} and {Iannicola, G.} and {Isasi Parache, Y.} and {Janotto, A.-M.} and {Joliet, E.} and {Jonckheere, A.} and {Keil, R.} and {Kim, D.-W.} and {Klagyivik, P.} and {Klar, J.} and {Knude, J.} and {Kochukhov, O.} and {Kolka, I.} and {Kos, J.} and {Kutka, A.} and {Lainey, V.} and {LeBouquin, D.} and {Liu, C.} and {Loreggia, D.} and {Makarov, V. V.} and {Marseille, M. G.} and {Martayan, C.} and {Martinez-Rubi, O.} and {Massart, B.} and {Meynadier, F.} and {Mignot, S.} and {Munari, U.} and {Nguyen, A.-T.} and {Nordlander, T.} and {Ocvirk, P.} and {O’Flaherty, K. S.} and {Olias Sanz, A.} and {Ortiz, P.} and {Osorio, J.} and {Oszkiewicz, D.} and {Ouzounis, A.} and {Palmer, M.} and {Park, P.} and {Pasquato, E.} and {Peltzer, C.} and {Peralta, J.} and {Péturaud, F.} and {Pieniluoma, T.} and {Pigozzi, E.} and {Poels, J.} and {Prat, G.} and {Prod’homme, T.} and {Raison, F.} and {Rebordao, J. M.} and {Risquez, D.} and {Rocca-Volmerange, B.} and {Rosen, S.} and {Ruiz-Fuertes, M. I.} and {Russo, F.} and {Sembay, S.} and {Serraller Vizcaino, I.} and {Short, A.} and {Siebert, A.} and {Silva, H.} and {Sinachopoulos, D.} and {Slezak, E.} and {Soffel, M.} and {Sosnowska, D.} and {Straižys, V.} and {ter Linden, M.} and {Terrell, D.} and {Theil, S.} and {Tiede, C.} and {Troisi, L.} and {Tsalmantza, P.} and {Tur, D.} and {Vaccari, M.} and {Vachier, F.} and {Valles, P.} and {Van Hamme, W.} and {Veltz, L.} and {Virtanen, J.} and {Wallut, J.-M.} and {Wichmann, R.} and {Wilkinson, M. I.} and {Ziaeepour, H.} and {Zschocke, S.}},
	title = {The Gaia mission⋆},
	DOI= "10.1051/0004-6361/201629272",
	url= "https://doi.org/10.1051/0004-6361/201629272",
	journal = {A&A},
	year = 2016,
	volume = 595,
	pages = "A1",
}

@article{2023,
   title={GaiaData Release 3: Summary of the content and survey properties},
   volume={674},
   ISSN={1432-0746},
   url={http://dx.doi.org/10.1051/0004-6361/202243940},
   DOI={10.1051/0004-6361/202243940},
   journal={Astronomy &amp; Astrophysics},
   publisher={EDP Sciences},
   author={Vallenari, A. and Brown, A. G. A. and Prusti, T. and de Bruijne, J. H. J. and Arenou, F. and Babusiaux, C. and Biermann, M. and Creevey, O. L. and Ducourant, C. and Evans, D. W. and Eyer, L. and Guerra, R. and Hutton, A. and Jordi, C. and Klioner, S. A. and Lammers, U. L. and Lindegren, L. and Luri, X. and Mignard, F. and Panem, C. and Pourbaix, D. and Randich, S. and Sartoretti, P. and Soubiran, C. and Tanga, P. and Walton, N. A. and Bailer-Jones, C. A. L. and Bastian, U. and Drimmel, R. and Jansen, F. and Katz, D. and Lattanzi, M. G. and van Leeuwen, F. and Bakker, J. and Cacciari, C. and Castañeda, J. and De Angeli, F. and Fabricius, C. and Fouesneau, M. and Frémat, Y. and Galluccio, L. and Guerrier, A. and Heiter, U. and Masana, E. and Messineo, R. and Mowlavi, N. and Nicolas, C. and Nienartowicz, K. and Pailler, F. and Panuzzo, P. and Riclet, F. and Roux, W. and Seabroke, G. M. and Sordo, R. and Thévenin, F. and Gracia-Abril, G. and Portell, J. and Teyssier, D. and Altmann, M. and Andrae, R. and Audard, M. and Bellas-Velidis, I. and Benson, K. and Berthier, J. and Blomme, R. and Burgess, P. W. and Busonero, D. and Busso, G. and Cánovas, H. and Carry, B. and Cellino, A. and Cheek, N. and Clementini, G. and Damerdji, Y. and Davidson, M. and de Teodoro, P. and Nuñez Campos, M. and Delchambre, L. and Dell’Oro, A. and Esquej, P. and Fernández-Hernández, J. and Fraile, E. and Garabato, D. and García-Lario, P. and Gosset, E. and Haigron, R. and Halbwachs, J.-L. and Hambly, N. C. and Harrison, D. L. and Hernández, J. and Hestroffer, D. and Hodgkin, S. T. and Holl, B. and Janßen, K. and Jevardat de Fombelle, G. and Jordan, S. and Krone-Martins, A. and Lanzafame, A. C. and Löffler, W. and Marchal, O. and Marrese, P. M. and Moitinho, A. and Muinonen, K. and Osborne, P. and Pancino, E. and Pauwels, T. and Recio-Blanco, A. and Reylé, C. and Riello, M. and Rimoldini, L. and Roegiers, T. and Rybizki, J. and Sarro, L. M. and Siopis, C. and Smith, M. and Sozzetti, A. and Utrilla, E. and van Leeuwen, M. and Abbas, U. and Ábrahám, P. and Abreu Aramburu, A. and Aerts, C. and Aguado, J. J. and Ajaj, M. and Aldea-Montero, F. and Altavilla, G. and Álvarez, M. A. and Alves, J. and Anders, F. and Anderson, R. I. and Anglada Varela, E. and Antoja, T. and Baines, D. and Baker, S. G. and Balaguer-Núñez, L. and Balbinot, E. and Balog, Z. and Barache, C. and Barbato, D. and Barros, M. and Barstow, M. A. and Bartolomé, S. and Bassilana, J.-L. and Bauchet, N. and Becciani, U. and Bellazzini, M. and Berihuete, A. and Bernet, M. and Bertone, S. and Bianchi, L. and Binnenfeld, A. and Blanco-Cuaresma, S. and Blazere, A. and Boch, T. and Bombrun, A. and Bossini, D. and Bouquillon, S. and Bragaglia, A. and Bramante, L. and Breedt, E. and Bressan, A. and Brouillet, N. and Brugaletta, E. and Bucciarelli, B. and Burlacu, A. and Butkevich, A. G. and Buzzi, R. and Caffau, E. and Cancelliere, R. and Cantat-Gaudin, T. and Carballo, R. and Carlucci, T. and Carnerero, M. I. and Carrasco, J. M. and Casamiquela, L. and Castellani, M. and Castro-Ginard, A. and Chaoul, L. and Charlot, P. and Chemin, L. and Chiaramida, V. and Chiavassa, A. and Chornay, N. and Comoretto, G. and Contursi, G. and Cooper, W. J. and Cornez, T. and Cowell, S. and Crifo, F. and Cropper, M. and Crosta, M. and Crowley, C. and Dafonte, C. and Dapergolas, A. and David, M. and David, P. and de Laverny, P. and De Luise, F. and De March, R. and De Ridder, J. and de Souza, R. and de Torres, A. and del Peloso, E. F. and del Pozo, E. and Delbo, M. and Delgado, A. and Delisle, J.-B. and Demouchy, C. and Dharmawardena, T. E. and Di Matteo, P. and Diakite, S. and Diener, C. and Distefano, E. and Dolding, C. and Edvardsson, B. and Enke, H. and Fabre, C. and Fabrizio, M. and Faigler, S. and Fedorets, G. and Fernique, P. and Fienga, A. and Figueras, F. and Fournier, Y. and Fouron, C. and Fragkoudi, F. and Gai, M. and Garcia-Gutierrez, A. and Garcia-Reinaldos, M. and García-Torres, M. and Garofalo, A. and Gavel, A. and Gavras, P. and Gerlach, E. and Geyer, R. and Giacobbe, P. and Gilmore, G. and Girona, S. and Giuffrida, G. and Gomel, R. and Gomez, A. and González-Núñez, J. and González-Santamaría, I. and González-Vidal, J. J. and Granvik, M. and Guillout, P. and Guiraud, J. and Gutiérrez-Sánchez, R. and Guy, L. P. and Hatzidimitriou, D. and Hauser, M. and Haywood, M. and Helmer, A. and Helmi, A. and Sarmiento, M. H. and Hidalgo, S. L. and Hilger, T. and Hładczuk, N. and Hobbs, D. and Holland, G. and Huckle, H. E. and Jardine, K. and Jasniewicz, G. and Jean-Antoine Piccolo, A. and Jiménez-Arranz, Ó. and Jorissen, A. and Juaristi Campillo, J. and Julbe, F. and Karbevska, L. and Kervella, P. and Khanna, S. and Kontizas, M. and Kordopatis, G. and Korn, A. J. and Kóspál, Á and Kostrzewa-Rutkowska, Z. and Kruszyńska, K. and Kun, M. and Laizeau, P. and Lambert, S. and Lanza, A. F. and Lasne, Y. and Le Campion, J.-F. and Lebreton, Y. and Lebzelter, T. and Leccia, S. and Leclerc, N. and Lecoeur-Taibi, I. and Liao, S. and Licata, E. L. and Lindstrøm, H. E. P. and Lister, T. A. and Livanou, E. and Lobel, A. and Lorca, A. and Loup, C. and Madrero Pardo, P. and Magdaleno Romeo, A. and Managau, S. and Mann, R. G. and Manteiga, M. and Marchant, J. M. and Marconi, M. and Marcos, J. and Marcos Santos, M. M. S. and Marín Pina, D. and Marinoni, S. and Marocco, F. and Marshall, D. J. and Martin Polo, L. and Martín-Fleitas, J. M. and Marton, G. and Mary, N. and Masip, A. and Massari, D. and Mastrobuono-Battisti, A. and Mazeh, T. and McMillan, P. J. and Messina, S. and Michalik, D. and Millar, N. R. and Mints, A. and Molina, D. and Molinaro, R. and Molnár, L. and Monari, G. and Monguió, M. and Montegriffo, P. and Montero, A. and Mor, R. and Mora, A. and Morbidelli, R. and Morel, T. and Morris, D. and Muraveva, T. and Murphy, C. P. and Musella, I. and Nagy, Z. and Noval, L. and Ocaña, F. and Ogden, A. and Ordenovic, C. and Osinde, J. O. and Pagani, C. and Pagano, I. and Palaversa, L. and Palicio, P. A. and Pallas-Quintela, L. and Panahi, A. and Payne-Wardenaar, S. and Peñalosa Esteller, X. and Penttilä, A. and Pichon, B. and Piersimoni, A. M. and Pineau, F.-X. and Plachy, E. and Plum, G. and Poggio, E. and Prša, A. and Pulone, L. and Racero, E. and Ragaini, S. and Rainer, M. and Raiteri, C. M. and Rambaux, N. and Ramos, P. and Ramos-Lerate, M. and Re Fiorentin, P. and Regibo, S. and Richards, P. J. and Rios Diaz, C. and Ripepi, V. and Riva, A. and Rix, H.-W. and Rixon, G. and Robichon, N. and Robin, A. C. and Robin, C. and Roelens, M. and Rogues, H. R. O. and Rohrbasser, L. and Romero-Gómez, M. and Rowell, N. and Royer, F. and Ruz Mieres, D. and Rybicki, K. A. and Sadowski, G. and Sáez Núñez, A. and Sagristà Sellés, A. and Sahlmann, J. and Salguero, E. and Samaras, N. and Sanchez Gimenez, V. and Sanna, N. and Santoveña, R. and Sarasso, M. and Schultheis, M. and Sciacca, E. and Segol, M. and Segovia, J. C. and Ségransan, D. and Semeux, D. and Shahaf, S. and Siddiqui, H. I. and Siebert, A. and Siltala, L. and Silvelo, A. and Slezak, E. and Slezak, I. and Smart, R. L. and Snaith, O. N. and Solano, E. and Solitro, F. and Souami, D. and Souchay, J. and Spagna, A. and Spina, L. and Spoto, F. and Steele, I. A. and Steidelmüller, H. and Stephenson, C. A. and Süveges, M. and Surdej, J. and Szabados, L. and Szegedi-Elek, E. and Taris, F. and Taylor, M. B. and Teixeira, R. and Tolomei, L. and Tonello, N. and Torra, F. and Torra, J. and Torralba Elipe, G. and Trabucchi, M. and Tsounis, A. T. and Turon, C. and Ulla, A. and Unger, N. and Vaillant, M. V. and van Dillen, E. and van Reeven, W. and Vanel, O. and Vecchiato, A. and Viala, Y. and Vicente, D. and Voutsinas, S. and Weiler, M. and Wevers, T. and Wyrzykowski, Ł. and Yoldas, A. and Yvard, P. and Zhao, H. and Zorec, J. and Zucker, S. and Zwitter, T.},
   year={2023},
   month=jun, pages={A1} }

@article{pal_performance_2020,
  title = {Performance Evaluation of Non-Linear Techniques {{UMAP}} and t-{{SNE}} for Data in Higher Dimensional Topological Space},
  author = {Pal, Krishan and Sharma, Mayank},
  date = {2020-10},
  journaltitle = {Proceedings of the 4th International Conference on IoT in Social, Mobile, Analytics and Cloud, ISMAC 2020},
  pages = {1106--1110},
  publisher = {{Institute of Electrical and Electronics Engineers Inc.}},
  doi = {10.1109/I-SMAC49090.2020.9243502},
  abstract = {Dimension reduction is the vital area in data science analytics for visualization, and significant pre-processing step for artificial intelligence and machine learning based analysis. For 3D visualization and data analytics of higher dimensional data, it is mandatory to reduce it into lower dimensional subspace. Higher dimensional data existence is everywhere in all type of sectors like Telecom, healthcare infrastructure, Finance, Banking, Transport, eCommerce etc. Applying regression analysis directly on higher dimensional data in machine learning or AI based analytics not recommended. Generally, before analysis, such data is reduced to lower dimensional topological subspace, maintaining the essence of original data. In this paper, a performance comparison of two competitive projection-based non-linear dimension reduction techniques - UMAP and t-SNE with a combination of PCA as a linear based method is analyzed with telecom gateway data. Apart from this, both non-linear techniques are compared based on 3D visualization of handwritten digits images.},
  isbn = {9781728154640},
  keywords = {Artificial Intelligence,Machine Learning,PCA (Principal Component Analysis),T-SNE (t-Distributed Stochastic Neighbor Embedding),Topological subspace,UMAP (Uniform Manifold Approximation Projection)},
  file = {/Users/nicolas/Zotero/storage/YS3KH56Z/Pal and Sharma - 2020 - Performance evaluation of non-linear techniques UM.pdf}
}

@ARTICLE{Zhang2016-ak,
  title    = "Missing data imputation: focusing on single imputation",
  author   = "Zhang, Zhongheng",
  abstract = "Complete case analysis is widely used for handling missing data,
              and it is the default method in many statistical packages.
              However, this method may introduce bias and some useful
              information will be omitted from analysis. Therefore, many
              imputation methods are developed to make gap end. The present
              article focuses on single imputation. Imputations with mean,
              median and mode are simple but, like complete case analysis, can
              introduce bias on mean and deviation. Furthermore, they ignore
              relationship with other variables. Regression imputation can
              preserve relationship between missing values and other variables.
              There are many sophisticated methods exist to handle missing
              values in longitudinal data. This article focuses primarily on
              how to implement R code to perform single imputation, while
              avoiding complex mathematical calculations.",
  journal  = "Ann. Transl. Med.",
  volume   =  4,
  number   =  1,
  pages    = "9",
  month    =  jan,
  year     =  2016,
  keywords = "Big-data clinical trial; R; longitudinal data; missing data;
              single imputation",
  language = "en"
}
